@misc{silver2017masteringchessshogiselfplay,
      title={Mastering Chess and Shogi by Self-Play with a General Reinforcement Learning Algorithm}, 
      author={David Silver and Thomas Hubert and Julian Schrittwieser and Ioannis Antonoglou and Matthew Lai and Arthur Guez and Marc Lanctot and Laurent Sifre and Dharshan Kumaran and Thore Graepel and Timothy Lillicrap and Karen Simonyan and Demis Hassabis},
      year={2017},
      eprint={1712.01815},
      archivePrefix={arXiv},
      primaryClass={cs.AI},
      url={https://arxiv.org/abs/1712.01815}, 
}

@article{silver2016mastering,
  author    = {Silver, David and Huang, Aja and Maddison, Chris J. and et al.},
  title     = {Mastering the game of Go with deep neural networks and tree search},
  journal   = {Nature},
  year      = {2016},
  volume    = {529},
  number    = {7587},
  pages     = {484--489},
  doi       = {10.1038/nature16961}
}

@article{silver2017mastering,
  author    = {Silver, David and Schrittwieser, Julian and Simonyan, Karen and et al.},
  title     = {Mastering the game of Go without human knowledge},
  journal   = {Nature},
  year      = {2017},
  volume    = {550},
  pages     = {354--359},
  doi       = {10.1038/nature24270},
  url       = {https://doi.org/10.1038/nature24270}
}

@misc{danihelka2022policy,
  author       = {Danihelka, Ivo and Guez, Arthur and Schrittwieser, Julian and Silver, David},
  title        = {Policy Improvement by Planning with Gumbel},
  year         = {2022},
  howpublished = {\url{https://www.openreview.net/forum?id=bERaNdoegnO}},
  note         = {Accessed: 2025-02-07}
}

@misc{koyamada2024pgxhardwareacceleratedparallelgame,
      title={Pgx: Hardware-Accelerated Parallel Game Simulators for Reinforcement Learning}, 
      author={Sotetsu Koyamada and Shinri Okano and Soichiro Nishimori and Yu Murata and Keigo Habara and Haruka Kita and Shin Ishii},
      year={2024},
      eprint={2303.17503},
      archivePrefix={arXiv},
      primaryClass={cs.AI},
      url={https://arxiv.org/abs/2303.17503}, 
}
